@article{holko2022wearable,
  author = {Holko, Michael and Litwin, Tamara R. and Munoz, Frank and others},
  title = {Wearable fitness tracker use in federally qualified health center patients: strategies to improve the health of all of us using digital health devices},
  journal = {npj Digital Medicine},
  volume = {5},
  year = {2022},
  doi = {10.1038/s41746-022-00593-x},
}

@article{healthgov2008,
    title = {Physical Activity Guidelines Advisory Committee Scientific Report},
    author = {{Physical Activity Guidelines Advisory Committee}},
    year = {2008},
    address = {Washington, DC},
    publisher = {{U.S. Dept of Health and Human Services}},
    url = {https://health.gov/sites/default/files/2019-10/CommitteeReport_7.pdf}
}

@article{nes2013maximal,
    title = {Age-predicted maximal heart rate in healthy subjects: The HUNT fitness study},
    author = {Nes, B.M. and Janszky, I. and Wisløff, U. and Støylen, A. and Karlsen, T.},
    journal = {Scand J Med Sci Sports},
    publisher = {Scand J Med Sci Sports},
    volume = {23},
    year = {2013},
    doi = {10.1111/j.1600-0838.2012.01445.x},
    url = {https://doi.org/10.1111/j.1600-0838.2012.01445.x}
}

@article{keytel2005energy,
  author = {Keytel, L. R. and Goedecke, J. H. and Noakes, T. D. and Hiiloskorpi, H. and Laukkanen, R. and van der Merwe, L. and Lambert, E. V.},
  journal = {Journal of sports sciences},
  number = {3},
  title = {Prediction of energy expenditure from heart rate monitoring during submaximal exercise},
  volume = {23},
  year = {2005},
  doi = {10.1080/02640410470001730089}
}

@inbook{anderson2012mvvm,
  author    = {Anderson, C.},
  title     = {The Model-View-ViewModel (MVVM) Design Pattern},
  booktitle = {Pro Business Applications with Silverlight 5},
  publisher = {Apress},
  address   = {Berkeley, CA},
  year      = {2012},
  chapter   = {13},
  doi       = {10.1007/978-1-4302-3501-9_13}
}

@online{stonis2022mvvm,
  author = {Stonis, M},
  title = {The MVVM Pattern},
  organization = {Microsoft Corporation},
  url = {https://learn.microsoft.com/en-us/dotnet/architecture/maui/mvvm#the-mvvm-pattern},
  year = {2022},
  note = {Retrieved June 21, 2023}
}